@article{zhang2019biowordvec,
  title={BioWordVec, improving biomedical word embeddings with subword information and MeSH},
  author={Zhang, Yijia and Chen, Qingyu and Yang, Zhihao and Lin, Hongfei and Lu, Zhiyong},
  journal={Scientific data},
  volume={6},
  number={1},
  pages={1--9},
  year={2019},
  publisher={Nature Publishing Group}
}

@misc{fdadrugs,
  title={Drugs@FDA Data Files},
  url={https://www.fda.gov/drugs/drug-approvals-and-databases/drugsfda-data-files}
}